<?xml version="1.0" encoding="UTF-8"?><collection xmlns="http://www.loc.gov/MARC21/slim"><record><leader>00385nam--2200133-i-4500</leader><controlfield tag="001">000005083</controlfield><controlfield tag="002">20161230</controlfield><controlfield tag="005">20161230201026</controlfield><controlfield tag="008">060222s1000------------r-----000-0-eng-d</controlfield><datafield ind1=" " ind2=" " tag="100"><subfield code="a">Bowen, J.H. And Masters, E.F.O</subfield></datafield><datafield ind1=" " ind2=" " tag="245"><subfield code="a">Nuclear reactor control and instrumentation</subfield></datafield><datafield ind1=" " ind2=" " tag="260"><subfield code="a">London, Temple Press Ltd., 1959 X + 78 P</subfield></datafield><datafield ind1=" " ind2=" " tag="490"><subfield code="a">Nuclear Engineering Monographs, V</subfield></datafield><datafield ind1=" " ind2=" " tag="852"><subfield code="a">15555</subfield></datafield></record></collection>